@BOOK{vohra06,
AUTHOR = "Ajay Vohra and Deepak Vohra",
TITLE = "Pro XML Development with Java Technology",
PUBLISHER = "O'Reilley Media, Inc.",
ADDRESS = "Sebastopol CA",
YEAR = "2009"}

@BOOK{makice,
AUTHOR = "Kelvin Makice",
TITLE = "Twitter {API}: Up and Running",
PUBLISHER = "Apress",
ADDRESS = "Berkeley CA",
YEAR = "2006"}

@BOOK{murach,
AUTHOR = "Joel Murach and Andrea Steelman",
TITLE = "Murach's {J}ava {SE} 6",
PUBLISHER = "Mike Murach \& Associates, Inc.",
ADDRESS = "Fresno CA",
YEAR = "2007"}

@BOOK{lamport,
AUTHOR = "Leslie Lamport",
TITLE = "{\LaTeX}: {A} Document Preparation System",
PUBLISHER = "Addison-Wesley Publishing Company",
ADDRESS = "Reading MA",
YEAR = "1986"}

@MISC{tkfaq,
AUTHOR = "Trade{K}ing",
TITLE = "Factsheets",
HOWPUBLISHED = "\url{http://www.tradeking.com/p/home/tradeking/about/facts.tmpl}",
NOTE = {Online, accessed April, 2011}
}

@MISC{eclipse,
AUTHOR = "{Eclipse Foundation}",
TITLE = "Explore the Eclipse Universe",
HOWPUBLISHED = "\url{http://www.eclipse.org/}",
NOTE = {Online, accessed April, 2011}
}
  
@MISC{java,
AUTHOR = "{Oracle Technology Network}",
TITLE = "Java",
HOWPUBLISHED = "\url{http://www.oracle.com/technetwork/java/index.html}",
NOTE = {Online, accessed April, 2011}
}
  
@MISC{swing,
AUTHOR = "Wikipedia",
TITLE = "Swing ({J}ava)",
HOWPUBLISHED = "\url{http://en.wikipedia.org/wiki/Swing_(Java)}",
NOTE = {Online, accessed April, 2011}
}
  
@MISC{junit,
AUTHOR = "Kent Beck",
TITLE = "{j}unit",
HOWPUBLISHED = "\url{http://kentbeck.github.com/junit/}",
NOTE = {Online, accessed April, 2011}
}
  
@MISC{junitorg,
AUTHOR = "{JU}nit.org",
TITLE = "Resources for Test Driven Development",
HOWPUBLISHED = "\url{http://junit.org/}",
NOTE = {Online, accessed April, 2011}
}

@UNPUBLISHED{tkreference,
AUTHOR = "Trade{K}ing",
TITLE = "Trade{K}ing {API} {R}eference {G}uide",
MONTH = "March",
YEAR = "2011",
NOTE = {Available as a {PDF} on request to {T}rade{K}ing, after signing a terms-of-use agreement.}
}

@MISC{tkforum,
AUTHOR = "Trade{K}ing",
TITLE = "Selective-{B}eta: {G}etting {S}tarted!",
HOWPUBLISHED = "\url{http://community.tradeking.com/groups/tradeking-api/forum/topics/6415-selective-beta-getting-started/forum_posts}",
NOTE = {Online, accessed April, 2011}
}

@MISC{derby,
AUTHOR = "{{A}pache {DB} {P}roject}",
TITLE = "Apache {D}erby",
HOWPUBLISHED = "\url{http://db.apache.org/derby/}",
NOTE = {Online, accessed April, 2011}
}

@MISC{codec,
AUTHOR = "{Apache {C}ommons}",
TITLE = "{c}ommons {c}codec",
HOWPUBLISHED = "\url{http://commons.apache.org/codec/}",
NOTE = {Online, accessed April, 2011}
}

@MISC{xerces,
AUTHOR = "{A}pache",
TITLE = "{T}he {A}pache {X}erces Project",
HOWPUBLISHED = "\url{http://xerces.apache.org/}",
NOTE = {Online, accessed April, 2011}
}

@MISC{msjdbc,
AUTHOR = "{{M}icrosoft {D}ownload {C}enter}",
TITLE = "{M}icrosoft {SQL} {S}erver 2005 {JDBC} {D}river 1.2",
HOWPUBLISHED = "\url{http://www.microsoft.com/downloads/en/details.aspx?FamilyID=c47053eb-3b64-4794-950d-81e1ec91c1ba}",
NOTE = {Online, accessed April, 2011}
}

@MISC{yamamoto,
AUTHOR = "Yusuke Yamamoto",
TITLE = "Twitter4j",
HOWPUBLISHED = "\url{http://twitter4j.org/en/index.html}",
NOTE = {Online, accessed April, 2011}
}

@MISC{latexproject,
AUTHOR = "{\LaTeX {P}roject}",
TITLE = "{\LaTeX---{A} Document Preparation System}",
HOWPUBLISHED = "\url{http://www.latex-project.org/}",
NOTE = {Online, accessed April, 2011}
}

@MISC{williams,
AUTHOR = {Graham Williams},
TITLE = "{The \TeX catalog online}",
HOWPUBLISHED = "\url{http://mirror.unl.edu/ctan/help/Catalogue/entries/refman.html}",
NOTE = {Online, accessed April, 2011}
}

@MISC{pctex,
AUTHOR = "{{P}ersonal \TeX, {I}nc.}",
TITLE = "{{PC}\TeX {T}he {I}ntegrated \LaTeX {E}nvironment}",
HOWPUBLISHED = "\url{http://www.pctex.com/}",
NOTE = {Online, accessed April, 2011}
}

@MISC{twitterapi,
AUTHOR = "{Twitter {D}evelopers}",
TITLE = "{API} {D}ocumentation",
HOWPUBLISHED = "\url{https://dev.twitter.com/doc}",
NOTE = {Online, accessed April, 2011}
}

@MISC{twitterapps,
AUTHOR = "{Twitter {D}evelopers}",
TITLE = "Twitter applications",
HOWPUBLISHED = "\url{https://dev.twitter.com/apps}",
NOTE = {Online, accessed April, 2011}
}

@MISC{github,
AUTHOR = "Michael Radovich",
TITLE = "Github Repository",
HOWPUBLISHED = "\url{https://github.com/maradovich/TKWatch-Plus}",
NOTE = {Online, accessed April, 2011}
}
